% $Id: atomistic.bib,v 1.2 2001-04-23 07:00:54 paklein Exp $

@Article{Abraham1994,
   Author="Abraham, F.F. and Brodbeck, D. and Rafey, R.A. and Rudge, W.E.",
   Title="Instabilities dynamics of fracture: a computer simulation investigation",
   Journal="Physics Review Letters",
   Volume=73,
   Pages="272-275",
   Year=1994}

@Article{Abraham1997,
   Author="Abraham, F.F.",
   Title="On the transition from brittle to plastic failure in breaking a
          nanocrystal under tension \uppercase{(NUT)}",
   Journal="Europhysics Letters",
   Volume=38,
   Pages="103-106",
   Year=1997}

@Article{Abraham1998,
   Author="Abraham, F.F. and Broughton, J.Q. and 
           Bernstein, N. and Kaxiras, E.",
   Title="Spanning the continuum to quantum length scales in a 
          dynamic simulation of brittle fracture",
   Journal="Europhysics Letters",
   Volume=44,
   Pages="783-787",
   Year=1998}

@Article{Ashurst1976,
   Author="Ashurst, W.T. and Hoover, W.G.",
   Title="Microscopic fracture studies in the two-dimensional triangular lattice",
   Journal="Physical Review B",
   Volume=14,
   Pages="1465-1473",
   Year=1976}
   
@Article{Balamane1992,
   Author="Balamane, H. and Halicioglu, T. and Tiller, W.A.",
   Title="Comparative study of silicon empirical potentials",
   Journal="Physical Review B",
   Volume=46,
   Pages="2250-2279",
   Year=1992}

@Article{Baskes1989,
   Author="Baskes,M.I. and Nelson, J.S. and Wright, A.F.",
   Title="Semiempirical modified embedded-atom  potentials for 
          silicon and germanium",
   Journal="Physical Review B",
   Volume=40,
   Pages="6085-6100",
   Year=1989}

@Article{Baskes1992,
   Author="Baskes,M.I.",
   Title="Modified embedded-atom  potentials for cubic materials and impurities",
   Journal="Physical Review B",
   Volume=46,
   Pages="2727-2741",
   Year=1992}

@Article{Baskes1994,
   Author="Baskes,M.I. and Johnson, R.A.",
   Title="Modified embedded atom potentials for hcp metals",
   Journal="Modeling and Simulation in Materials Science and Engineering",
   Volume=2,
   Pages="147-163",
   Year=1994}

@Article{Bassani1992,
   Author="Bassani, J.L. and Vitek, V. and Alber, E.S.",
   Title="Atomic-level elastic properties of interfaces and their relation to continua",
   Journal="Acta Metallica Materiali",
   Volume=40,
   Pages="S307-S320",
   Year=1992}

@Article{Born1940,
   Author="Born, M.",
   Title="On the stability of crystals, \textup{I}.",
   Journal="Proceedings of the Cambridge Philosophical Society",
   Volume=36,
   Pages="160-172",
   Year=1940}

@Book{Born1956,
   Author="Born, M. and Huang, K.",
   Title="Dynamical Theories of Crystal Lattices",
   Publisher="Clarendon",
   Address="Oxford",
   Year=1956}

@Article{Cheung1994,
   Author="Cheung, K.S. and Yip, S.",
   Title="A molecular dynamics simulation crack tip extension: the brittle-to-ductile
          transition",
   Journal="Modeling and Simulation in Materials Science and Engineering",
   Volume=2,
   Pages="856-892",
   Year=1994}

@Article{Daw1984,
   Author="Daw, M.S. and Baskes, M.",
   Title="Embedded atom method:derivation and application to impurities, surfaces, and
          other defects in metals",
   Journal="Physical Review B",
   Volume=29,
   Pages="6443-6453",
   Year=1984}

@Article{Dienes1987,
   Author="Dienes, G.J. and Paskin, A.",
   Title="Molecular dynamic simulation of crack propagation",
   Journal="Journal of Physics and Chemistry of Solids",
   Volume=48,
   Pages="1015-1033",
   Year=1987}   

@Article{Dienes1988,
   Author="Sieradzki, K. and Dienes, G.J. and Paskin, A. and Massoumzadeh, B.",
   Title="Atomistics of crack propagation",
   Journal="Acta Metallurgica",
   Volume=36,
   Pages="651-663",
   Year=1988}   
   
@Article{Ercolessi1994,
   Author="Ercolessi, F. and Adams, J.B.",
   Title="Interatomic potentials from first-principals calculations:
          the force-matching method",
   Journal="Europhysics Letters",
   Volume=28,
   Pages="583-588",
   Year=1994}
   
@Article{Girifalco1959,
   Author="Girifalco, L.A. and Weizer, V.G.",
   Title="Application of the \uppercase{m}orse Potential Function to Cubic Metals",
   Journal="Physical Review",
   Volume=114,
   Pages="687-690",
   Year=1959}
   
@Article{Holian1997,
   Author="Holian, B.L. and Blumenfeld, R. and Gumbsch, P.",
   Title="An \uppercase{E}instein model of brittle crack propagation",
   Journal="Physical Review Letters",
   Volume=78,
   Pages="78-81",
   Year=1997}

@Article{Kohlhoff1991,
   Author="Kohlhoff, S. and Gumbsch, P. and Fischmeister, H.F.",
   Title="Crack propagation in BCC crystals studied with a combined finite element
          and atomistic model",
   Journal="Philosophical Magazine A",
   Volume="64",
   Pages="851-878",
   Year=1991}

@Article{Milstein1977,
   Author="Milstein, F. and Hill, R.",
   Title="Theoretical properties of cubic crystals at arbitrary pressure---\textup{I}.
          density and bulk modulus",
   Journal="Journal of the Mechanics and Physics of Solids",
   Volume=25,
   Pages="457-477",
   Year=1977}

@Article{Milstein1978,
   Author="Milstein, F. and Hill, R.",
   Title="Theoretical properties of cubic crystals at arbitrary pressure---\textup{II}.
          shear moduli",
   Journal="Journal of the Mechanics and Physics of Solids",
   Volume=26,
   Pages="213-239",
   Year=1978}

@Article{Milstein1978A,
   Author="Milstein, F. and Huang, K.",
   Title="Theory of the response of an fcc crystal to \textup{[110]} uniaxial loading",
   Journal="Physical Review B",
   Volume=18,
   Pages="2529-2541",
   Year=1978}

@Article{Milstein1979,
   Author="Milstein, F. and Hill, R.",
   Title="Theoretical properties of cubic crystals at arbitrary pressure---\textup{III}.
          stability",
   Journal="Journal of the Mechanics and Physics of Solids",
   Volume=27,
   Pages="255-279",
   Year=1979}

@Article{Milstein1980,
   Author="Milstein, F.",
   Title="Review: theoretical elastic behavior at large strains",
   Journal="Journal of Materials Science",
   Volume=15,
   Pages="1071-1084",
   Year=1980}

@Article{Milstein1980A,
   Author="Milstein, F. and Hill, R. and Huang, K.",
   Title="Theory of the response of cubic crystals to \textup{[111]} loading",
   Journal="Physical Review B",
   Volume=21,
   Pages="4282-4291",
   Year=1980}

@Article{Milstein1980B,
   Author="Milstein, F. and Farber, B.",
   Title="A theoretical fcc $\rightarrow$ bcc transition under \textup{[100]} tensile loading",
   Journal="Physics Review Letters",
   Volume=44,
   Pages="277-280",
   Year=1980}

@Incollection{Milstein1982,
   Author="Milstein, F.",
   Title="Crystal Elasticity",
   Booktitle="Mechanics of Solids",
   Editor="Hopkins, H.G. and Sewell, M.J.",
   Publisher="Pergamon Press",
   Pages="417-452",
   Year=1982}

@Article{Mindlin1972,
   Author="Mindlin, R.D.",
   Title="Elasticity, piezoelectricity, and crystal lattice dynamics",
   Journal="Journal of Elasticity",
   Volume=2,
   Pages="217-282",
   Year=1972}

@Article{Paskin1981,
   Author="Paskin, A. and Som, D.K. and Dienes, G.J.",
   Title="Computer simulation of crack propagation: lattice trapping",
   Journal="Journal of Physics C: Solid State Physics",
   Volume=14,
   Pages="L171-L176",
   Year=1981}
   
@Article{Paskin1983,
   Author="Paskin, A. and Som, D.K. and Dienes, G.J.",
   Title="The dynamic properties of moving cracks",
   Journal="Acta Metallurgica",
   Volume=31,
   Pages="1841-1848",
   Year=1983}
   
@Article{Rose1981,
   Author="Rose, J.H. and Ferrante, J. and Smith, J.R.",
   Title="Universal binding energy curves for metals and bimetallic interfaces",
   Journal="Physical Review Letters",
   Volume="47",
   Pages="675-678",
   Year=1981}

@Article{Stakgold1950,
   Author="Stakgold, I.",
   Title="The \uppercase{c}auchy relations in a molecular theory of elasticity",
   Journal="Quarterly of Applied Mechanics",
   Volume=8,
   Pages="169-186",
   Year=1950}

@Article{Stillinger1985,
   Author="Stillinger, F.H. and Weber, T.A.",
   Title="Computer simulation of local order in condensed phases of silicon",
   Journal="Physical Review B",
   Volume=31,
   Pages="5262-5271",
   Year=1985}

@Article{Thomson1971,
   Author="Thomson, R. and Hsieh, C. and Rana, V.",
   Title="Lattice trapping of fracture Cracks",
   Journal="Journal of Applied Physics",
   Volume=42,
   Pages="3154-3160",
   Year=1971}
   
@Article{Thomson1994,
   Author="Thomson, R. and Zhou, S.J.",
   Title="Interfacial crack in a 2-dimensional hexagonal lattice",
   Journal="Physical Review B",
   Volume=49,
   Pages="44-54",
   Year=1994}

@InProceedings{Voter1987,
   Author="Voter, A.F. and Chen, S.P.",
   Title="Accurate interatomic potentials for \uppercase{n}i,
          \uppercase{a}l, and $\uppercase{n}i_3\uppercase{a}l$",
   BookTitle="Proceedings of the 1987 MRS Fall Symposium",
   Series="Characterization of Defects in Materials",
   Organization="Materials Research Society",
   Volume="82",
   Pages="175-180",
   Year=1987}

@Incollection{Voter1994,
   Author="Voter, A.F.",
   Title="The Embedded Atom Method",
   Booktitle="Intermetallic Compounds: Principles and Practice",
   Editor="Westbrook, J.H. and Fleischer, R.L.",
   Publisher="John Wiley and Sons, Ltd.",
   Pages="77",
   Year=1994}

@Article{Voter1998,
   Author="Zhou, S.J. and Lomdahl, P.S. and Voter, A.F. and Holian, B.L.",
   Title="Three-dimensional fracture via large-scale molecular dynamics",
   Journal="Engineering Fracture Mechanics",
   Volume=61,
   Pages="173-187",
   Year=1998}

@Article{Weiner1981,
   Author="Weiner, J.H.",
   Title="\uppercase{H}ellmann-\uppercase{f}eynman theorem, elastic moduli, and
          the \uppercase{c}auchy relation",
   Journal="Physics Review B",
   Volume=24,
   Pages="845-848",
   Year=1981}

@Book{Weiner1983,
   Author="Weiner, J.H.",
   Title="Statistical Mechanics of Elasticity",
   Publisher="John Wiley and Sons, Inc.",
   Address="New York",
   Year=1983}

@Article{Zhou1994,
   Author="Zhou, S.J. and Beazley, D.M. and Lomdahl, P.S. and Holian, B.L.",
   Title="Large-scale molecular dynamics simulations of three-dimensional ductile failure",
   Journal="Physics Review Letters",
   Volume=78,
   Pages="479-482",
   Year=1994}

@Article{Zhou1994b,
   Author="Masudajindo, K. and Zhou, S.J. and Thomson, R. and Carlsson, A.E.",
   Title="Atomic theory of fracture of crystalline materials: cleavage and 
          dislocation emission",
   Journal="Materials Science and Engineering A---structural materials 
            properties microstructure and processing",
   Volume=176,
   Pages="255-261",
   Year=1994}

@Article{Zhou1996,
   Author="Zhou, S.J. and Lomdahl, P.S. and Thomson, R. and Holian, B.L.",
   Title="Dynamic crack processes via molecular-dynamics",
   Journal="Physical Review Letters",
   Volume=76,
   Pages="2318-2321",
   Year=1996}

