% $Id: fracture.bib,v 1.4 2001-04-23 07:00:54 paklein Exp $

@Article{Allen1995,
   Author="Allen, D.H. and Costanzo, F.",
   Title="A continuum thermodynamic analysis of cohesive zone models",
   Journal="International Journal of Engineering Science",
   Volume=33,
   Pages="2197-2219",
   Year=1995}

@Article{Allen1999,
   Author="Yoon, C. and Allen, D.H.",
   Title="Damage Dependent Constitutive Behavior and Energy Release Rate
          for a Cohesive Zone in a Thermoviscoelastic Solid",
   Journal="International Journal of Fracture",
   Volume=96,
   Pages="55-74",
   Year=1999}

@Article{Barenblatt1959,
   Author="Barenblatt, G.I.",
   Title="The formation of equilibrium cracks during brittle fracture:
          general ideas and hypotheses, axially symmetric cracks",
   Journal="Applied Mathematics and Mechanics (PMM)",
   Volume=23,
   Pages="622-636",
   Year=1959}

@Article{Charalambides1989,
   Author="Charalambides, P.G. and Lund, J. and Evans, A.G. and McMeeking, R.M.",
   Title="A test specimen for determining the fracture resistance of bimaterial interfaces",
   Journal="Journal of Applied Mechanics",
   Volume=56,
   Pages="77-82",
   Year=1989}

@Article{Chen1999,
   Author="Chen, E.P.",
   Title="Non-local effects on dynamic damage accumulation in brittle solids",
   Journal="International Journal for Numerical and Analytical
            Methods in Geomechanics",
   Volume=23,
   Pages="1-21",
   Year=1999}

@Article{Costanzo1997,
   Author="Costanzo, F and Walton, J.R.",
   Title="A Study of Dynamic Crack Growth in Elastic Materials 
          Using a Cohesive Zone Model",
   Journal="International Journal of Engineering Sciences",
   Volume=35,
   Pages="1085-1114",
   Year=1997}

@Article{Cotterell1980,
   Author="Cotterell, B. and Rice, J.R.",
   Title="Slightly curved or kinked cracks",
   Journal="International Journal of Fracture",
   Volume=16,
   Pages="155-169",
   Year=1980}

@Article{deBorst1996,
   Author="Peerlings, R.H.J. and de Borst, R. and Brekelmans, W.A.M. and de Vree, J.H.P.",
   Title="Gradient-enhanced damage for quasi-brittle materials",
   Journal="International Journal for Numerical Methods in Engineering",
   Volume=39,
   Pages="3391-3403",
   Year=1996}

@Article{deBorst1998,
   Author="Geers, M.G.D. and de Borst, R. and Brekelmans, W.A.M. and Peerlings, R.H.J.",
   Title="Strain-based transient-gradient damage model for failure analysis",
   Journal="Computer Methods in Applied Mechanics and Engineering",
   Volume=160,
   Pages="133-153",
   Year=1998}

@Article{Dugdale1960,
   Author="Dugdale, D.S.",
   Title="Yielding of steel sheets containing slits",
   Journal="Journal of the Mechanics and Physics of Solids",
   Volume=8,
   Pages="100-104",
   Year=1960}

@Article{Erdogan1963,
   Author="Erdogan, F. and Sih, G.C.",
   Title="On the crack extension in plates under plane loading
          and transverse shear",
   Journal="ASME Journal of Basic Engineering",
   Volume=85,
   Pages="519-527",
   Year=1963}

@Book{Eshelby1970,
   Author="Eshelby, J.D.",
   Title="Inelastic behavior of solids",
   Publisher="McGraw-Hill",
   Address="New York",
   Year=1970}

@Article{Freund1973,
   Author="Freund, L.B.",
   Title="Crack propagation in an elastic solid subjected to 
   general loading---\uppercase{III}. stress wave loading",
   Journal="Journal of the Mechanics and Physics of Solids",
   Volume=21,
   Pages="47-61",
   Year=1973}
   
@Article{Freund1974,
   Author="Freund, L.B.",
   Title="Crack propagation in an elastic solid subjected to 
   general loading---\uppercase{IV}. obliquely incident stress 
   pulse",
   Journal="Journal of the Mechanics and Physics of Solids",
   Volume=22,
   Pages="137-146",
   Year=1974}
   
@Book{Freund1990,
   Author="Freund, B.",
   Title="Dynamic Fracture Mechanics",
   Publisher="Cambridge University Press",
   Address="New York",
   Year=1990}

@Article{Gao1992,
   Author="Gao, H. and Chiu, C.-H.",
   Title="Slightly curved or kinked cracks in anisotropic 
   elastic solids",
   Journal="Journal of the Mechanics and Physics of Solids",
   Volume=29,
   Pages="947-972",
   Year=1992}

@Article{Gao1993,
   Author="Gao, H.",
   Title="Surface roughening and branching instabilities in dynamic fracture",
   Journal="Journal of the Mechanics and Physics of Solids",
   Volume=41,
   Pages="457-486",
   Year=1993}

@Article{Gao1996,
   Author="Gao, H.",
   Title="A theory of local limiting speed in dynamic fracture",
   Journal="Journal of the Mechanics and Physics of Solids",
   Volume=44,
   Pages="1453-1474",
   Year=1996}

@Article{Gao1997,
   Author="Gao, H.",
   Title="Elastic waves in a hyperelastic solid near its plane strain equibiaxial cohesive limit",
   Journal="Philosophical Magazine Letters",
   Volume=76,
   Pages="307-314",
   Year=1997}

@Article{Gao1998,
   Author="Gao, H. and Klein, P.",
   Title="Numerical simulation of crack growth in an isotropic solid with randomized internal
          cohesive bonds",
   Journal="Journal of the Mechanics and Physics of Solids",
   Volume=46,
   Pages="187-218",
   Year=1998}

@Article{Gao1999,
   Author="Gao, H. and Huang, Y. and Nix, W.D. and Hutchinson, J.W.",
   Title="Mechanism-based strain gradient plasticity : I. Theory",
   Journal="Journal of the Mechanics and Physics of Solids",
   Volume=47,
   Pages="1239-1263",
   Year=1999}

@InProceedings{Gao2000a,
   Author="Gao, H. and Vainchtein, A. and Klein, P.A. 
           and Chen, E.P.",
   Title="Introducing a length scale into modeling of fracture
          via a strain-gradient elasticity theory",
   BookTitle="Advances in Computational Engineering and Sciences",
   Organization="International Conferences on Computational 
                  Engineering and Sciences",
   Editor="Atluri, S.N. and Brust, F.W.",		  
   Pages="1766-1771",
   Year=2000}

@Article{Griffith1920,
   Author="Griffith, A.A.",
   Title="The phenomena of rupture and flow in solids",
   Journal="Philosophical Transactions",
   Volume=221,
   Pages="163-198",
   Year=1920}

@Article{Hussain1974,
   Author="Hussain, M.A. and Pu, S.L. and Underwood, J.H.",
   Title="Strain energy release rate for a crack under combined
          Mode I and Mode II",
   Journal="ASTM STP",
   Volume=560,
   Year=1974}

@Article{Irwin1956,
   Author="Irwin, G.R.",
   Title="Onset of fast crack propagation in high strength steel and
          aluminum alloys",
   Journal="Sagamore Research Conference Proceedings",
   Volume="2",
   Pages="289-305",
   Year=1956}

@Article{Irwin1957,
   Author="Irwin, G.R.",
   Title="Analysis of stresses and strains near the end of a crack
          traversing a plate",
   Journal="Journal of Applied Mechanics",
   Volume="24",
   Pages="361-364",
   Year=1957}

@Article{Kachanov1992,
   Author="Kachanov, M.",
   Title="Effective elastic properties of cracked solids:
          critical review of some basic concepts",
   Journal="Applied Mechanics Review",
   Volume="45",
   Pages="304",
   Year=1992}

@Article{Keegstra1976,
   Author="Keegstra, P.N.R.",
   Title="A transient finite element crack propagation method for nuclear 
          pressure vessels steels",
   Journal="Journal of the Institution of Nuclear Engineers",
   Volume="17",
   Pages="89-96",
   Year=1976}

@Article{Klein1998,
   Author="Klein, P. and Gao, H.",
   Title="Crack nucleation and growth as strain localization in a virtual-bond continuum",
   Journal="Engineering Fracture Mechanics",
   Volume="61",
   Pages="21-48",
   Year=1998}

@phdthesis{Klein1999,
   Author="Klein, P.A.",
   Title="A Virtual Internal Bond Approach to Modeling Crack Nucleation and Growth",
   School="Stanford University",
   Year=1999}

@Incollection{Klein2000,
   Author="Klein, P.A. and Gao, H.",
   Title="Study of Crack Dynamics using the \uppercase{v}irtual 
          \uppercase{i}nternal \uppercase{b}ond model",
   Booktitle="James R. Rice 60\textsuperscript{th} Anniversary Volume 
              of Solid Mechanics and its Applications",
   Editor="Gladwell, G.M.L.",
   Publisher="Kluwer Academic Publishers",
   Note="in press"}
   
@Article{Knowles1977,
   Author="Knowles, J.K.",
   Title="The finite anti-phase shear field near the tip of a crack for a class
          of compressible solid",
   Journal="International Journal of Fracture",
   Volume="13",
   Pages="611-639",
   Year=1977}

@Article{Knowles1983,
   Author="Knowles, J.K. and Sternberg, E.",
   Title="Large deformation near a tip of an interfacial crack between two
          neo-\uppercase{h}ookean sheets",
   Journal="Journal of Elasticity",
   Volume="13",
   Pages="257-293",
   Year=1983}

@Article{Langer1993a,
   Author="Langer, J.S. and Nakanishi, H.",
   Title="Model of crack propagation. 
   \uppercase{II}. \uppercase{T}wo-dimensional model with dissipation on the fracture surface",
   Journal="Physical Review E",
   Volume="48",
   Pages="439-448",
   Year=1993}

@Article{Langer1993b,
   Author="Langer, J.S.",
   Title="Dynamic model of onset and propagation of fracture",
   Journal="Physical Review Letters",
   Volume="70",
   Pages="3592-3594",
   Year=1993}
   
@Book{Lawn1993,
   Author="Lawn, B.",
   Title="Frature of Brittle Solid",
   Edition="2",
   Publisher="Cambridge University Press",
   Address="New York",
   Year=1993}   
   
@Article{Larsson1995,
   Author="Larsson, R.",
   Title="A generalized fictitious crack model based on plastic localization
          and discontinuous approximation",
   Journal="International Journal of Numerical Methods in Engineering",
   Volume="38",
   Pages="3167-3188",
   Year=1995}

@Article{Marder1991a,
   Author="Liu X. and Marder, M.",
   Title="The energy of a steady-state crack in a strip",
   Journal="Journal of the Mechanics and Physics of Solids",
   Volume="39",
   Pages="947-961",
   Year=1991}

@Article{Marder1991b,
   Author="Marder, M.",
   Title="New dynamical equation for cracks",
   Journal="Physical Review Letters",
   Volume="66",
   Pages="2484-2487",
   Year=1991}
   
@Article{Needleman1994,
   Author="Xu, X.-P. and Needleman, A.",
   Title="Numerical simulations of fast crack growth in brittle solids",
   Journal="Journal of the Mechanics and Physics of Solids",
   Volume=42,
   Pages="1397-1434",
   Year=1994}

@Article{Needleman1996,
   Author="Xu, X.-P. and Needleman, A.",
   Title="Numerical simulations of crack growth along an interface",
   Journal="International Journal of Fracture",
   Volume=74,
   Pages="289-324",
   Year=1996}

@Article{Needleman1997,
   Author="Needleman, A.",
   Title="Numerical modeling of crack growth under dynamic loading conditions",
   Journal="Computational Mechanics",
   Volume=19,
   Pages="463-469",
   Year=1997}

@Article{Oliver1989,
   Author="Oliver, J.",
   Title="A consistent characteristic length for smeared crack
          models",
   Journal="International Journal for Numerical Methods in Engineering",
   Volume=28,
   Pages="461-474",
   Year=1989}

@Article{Oliver1996,
   Author="Oliver, J.",
   Title="Modeling strong discontinuities in solid mechanics via strain-softening
          constitutive equations. 1. fundamentals",
   Journal="International Journal for Numerical Methods in Engineering",
   Volume=39,
   Pages="3575-3600",
   Year=1996}

@Article{Orowan1948,
   Author="Orowan, E.",
   Title="Fracture and Strength of Solids",
   Journal="Reports on Progress in Physics",
   Volume="XII",
   Pages="185",
   Year=1948}

@Article{Ortiz1987,
   Author="Ortiz, M. and Leroy, Y. and Needleman, A.",
   Title="A finite element method for localized failure analysis",
   Journal="Computer Methods in Applied Mechanics and Engineering",
   Volume=61,
   Pages="189-214",
   Year=1987}

@Article{Ortiz1996a,
   Author="Camacho, G.T. and Ortiz, M.",
   Title="Computational modeling of impact damage in brittle materials",
   Journal="International Journal of Solids and Structures",
   Volume=33,
   Pages="2899-2938",
   Year=1996}

@Article{Ortiz1996b,
   Author="Ortiz, M.",
   Title="Computational micromechanics",
   Journal="Computational Mechanics",
   Volume=18,
   Pages="321-338",
   Year=1996}

@Article{Ortiz1996c,
   Author="Tadmor, E.B. and Ortiz, M. and Phillips, R.",
   Title="Quasicontinuum analysis of defects in solids",
   Journal="Philosophical Magazine A",
   Volume=73,
   Pages="1530-1563",
   Year=1996}

@Article{Ortiz1997,
   Author="Camacho, G.T. and Ortiz, M.",
   Title="Adaptive \uppercase{L}agrangian modelling of 
          ballistic penetraction of metallic targets",
   Journal="Computer Methods in Applied Mechanics and Engineering",
   Volume=142,
   Pages="269-301",
   Year=1997}

@Article{Ortiz1998a,
   Author="Shenoy, V.B. and Miller, R. and Tadmor, E.B. and Phillips, R. and Ortiz, M.",
   Title="Quasicontinuum models of interfacial structure and deformation",
   Journal="Physical Review Letters",
   Volume=80,
   Pages="742-745",
   Year=1998}

@Article{Ortiz1998b,
   Author="Miller, R. and Tadmor, E.B. and Phillips, R. and Ortiz, M.",
   Title="Quasicontinuum simulation of fracture at the atomic scale",
   Journal="Modelling and Simulation in Materials Science and Engineering",
   Volume=6,
   Pages="607-638",
   Year=1998}

@Article{Ortiz1998c,
   Author="Miller, R. and Ortiz, M. and Phillips, R. and Tadmor, E.B.",
   Title="Quasicontinuum models of fracture and plasticity",
   Journal="Engineering Fracture Mechanics",
   Volume=61,
   Pages="427-444",
   Year=1998}

@Article{Ortiz1999a,
   Author="Ortiz, M. and Pandolfi, A.",
   Title="Finite-deformation irreversible cohesive elements for 
          three-dimensional crack-propagation analysis",
   Journal="International Journal for Numerical Methods in Engineering",
   Volume=44,
   Pages="1267-1282",
   Year=1999}

@Article{Ortiz1999b,
   Author="deAndres, A. and Perez, J.L. and Ortiz, M.",
   Title="Elastoplastic finite element analysis of three-dimensional 
          fatigue crack growth in aluminum shafts subjected to axial
          loading",
   Journal="International Journal of Solids and Structures",
   Volume=36,
   Pages="2231-2258",
   Year=1999}

@Article{Ortiz1999c,
   Author="Shenoy, V.B. and Miller, R. and Tadmor, E.B. and Rodney, D. and 
           Phillips, R. and Ortiz, M.",
   Title="An adaptive finite element approach to atomic-scale 
          mechanics---the quasicontinuum method",
   Journal="Journal of the Mechanics and Physics of Solids",
   Volume=47,
   Pages="611-642",
   Year=1999}

@Article{Ortiz1999d,
   Author="Ortiz, M. and Phillips, R.",
   Title="Nanomechanics of defects in solids",
   Journal="Advances in Applied Mechanics",
   Volume=36,
   Pages="1-79",
   Year=1999}

@Article{Ortiz1999f,
   Author="Radovitzky, R. and Ortiz, M.",
   Title="Error estimation and adaptive meshing in strongly nonlinear
          dynamic problems",
   Journal="Computer Methods in Applied Mechanics and Engineering",
   Comment="to appear",
      Year=1999}

@Article{Ortiz1999g,
   Author="Pandolfi, A. and Krysl, P. and Ortiz, M.",
   Title="Finite element simulation of ring expansion and fragmentation: 
          The capturing of length and time scales 
	  through cohesive models of fracture",
   Journal="International Journal of Fracture",
    Volume=95,
     Pages="279-297",
      Year=1999}

@Article{Ortiz2000a,
   Author="Ruiz, G. and Ortiz, M. and Pandolfi, A.",
   Title="Three-dimensional finite-element simulation of the
          dynamic \uppercase{B}razilian tests on concrete cylinders",
   Journal="International Journal for Numerical Methods in Engineering",
    Volume=48,
     Pages="963-994",
      Year=2000}

@Article{Prandtl1933, 
    Author="Prandtl, L.",
     Title="Ein \uppercase{G}edankenmodell f{\"u}r 
            den \uppercase{Z}errei{\ss}vorgang spr{\"o}der
	    \uppercase{K}{\"o}rper",
   Journal="Zeitschrift f{\"u}r angewandte 
            Mathematik und Mechanik",
    Volume=13,
     Pages="129-133",
      Year=1933}      
      
@Article{Rahul-Kumar2000, 
    Author="Rahul-Kumar, P. and Jagota, A. and Benison, S.J. 
            and Saigal, S.",
     Title="Cohesive Modeling of Viscoelastic Fracture: 
            Application to Peel Testing of Polymers",
   Journal="International Journal of Solids and Structures",
    Volume=37,
     Pages="1873-1897",
      Year=2000}
	  
@Article{Rice1968,
   Author="Rice, J.R.",
   Title="A path independent integral and the approximate analysis of
          stress concentration by notches and cracks",
   Journal="Journal of the Mechanics and Physics of Solids",
   Volume=40,
   Pages="939-963",
   Year=1968}

@Incollection{Rice1968b,
   Author="Rice, J.R.",
   Title="Mathematical analysis in the mechanics of fracture",
   Booktitle="Fracture",
   Editor="Luxmoore, H.",
   Publisher="Academic Press",
   Pages="191-311",
   Year=1968}
   
@Incollection{Rydholm1978,
   Author="Rydholm, G. and Fredriksson, B. and Nilsson, F.",
   Title="Numerical investigation of rapid crack propagation",
   Booktitle="Numerical Methods in Fracture Mechanics",
   Editor="Luxmoore, A.R. and Owen, D.J.R.",
   Publisher="Pineridge Press",
   Pages="660-672",
   Year=1978}

@Article{Siegmund1997,
   Author="Siegmund, T. and Fleck, N.A. and Needleman, A.",
   Title="Dynamic crack growth across an interface",
   Journal="International Journal of Fracture",
   Volume="85",
   Pages="381-402",
   Year=1997}

@Article{Sih1974,
   Author="Sih, G.C.",
   Title="Strain energy density factor applied to mixed-mode crack
          problems",
   Journal="International Journal of Fracture Mechanics",
   Volume=10,
   Year=1974}

@TechReport{Silling1998,
   Author = "Silling, S.A.",
   Title  ="Reformulation of Elasticity Theory for discontinuities and long-range forces",
   Number = "SAND98-2176",
   Institution = "Sandia National Laboratory",
   Year = "1998"}

@Article{Slepyan1981a,
   Author="Slepyan, L.I.",
   Title="Dynamics of a crack in a lattice",
   Journal="Soviet Physics Doklady",
   Volume=26,
   Pages="538-540",
   Year=1981}

@Article{Slepyan1981a,
   Author="Slepyan, L.I.",
   Title="Crack propagation in high-frequency lattice vibrations",
   Journal="Soviet Physics Doklady",
   Volume=26,
   Pages="900-902",
   Year=1981}

@Article{Slepyan1993,
   Author="Slepyan, L.I.",
   Title="Principal of maximum energy dissipation rate in crack dynamics",
   Journal="Journal of the Mechanics and Physics of Solids",
   Volume=41,
   Pages="1019-1033",
   Year=1993}

@Article{Slepyan2001a,
   Author="Slepyan, L.I.",
   Title="Feeding and dissipative waves in fracture and phase 
   transition \uppercase{I}. some 1\uppercase{D} structures and a 
   square-cell lattice",
   Journal="Journal of the Mechanics and Physics of Solids",
   Volume=49,
   Pages="469-511",
   Year=2001}

@Article{Slepyan2001b,
   Author="Balk, A. and Cherkaev, A.V. and Slepyan, L.I.",
   Title="Dynamics of chains with non-monotone stress--stress 
   relations. \uppercase{I}. Model and numerical experiments",
   Journal="Journal of the Mechanics and Physics of Solids",
   Volume=49,
   Pages="131-148",
   Year=2001}
   
@Article{Slepyan2001c,
   Author="Balk, A. and Cherkaev, A.V. and Slepyan, L.I.",
   Title="Dynamics of chains with non-monotone stress--stress 
   relations. \uppercase{II}. Nonlinear waves and waves of phase 
   transition",
   Journal="Journal of the Mechanics and Physics of Solids",
   Volume=49,
   Pages="149-171",
   Year=2001}
   
@Article{Suo1993,
   Author="Suo, Z. and Shih, C.F. and Varias, A.G.",
   Title="A theory for cleavage cracking in the presence of plastic flow",
   Journal="Acta metallurgica et materialia",
   Volume=41,
   Pages="1551-1557",
   Year=1993}

@Article{Tadmor1996,
   Author="Tadmor, E.B. and Ortiz, M. and Phillips, R.",
   Title="Quasicontinuum analysis of defects in solids",
   Journal="Philosophical Magazine A",
   Volume=73,
   Pages="1529-1563",
   Year=1996}

@Article{Tadmor1999,
   Author="Tadmor, E.B. and Smith, G.S. and Bernstein, N. and Kaxiras, E.",
   Title="Mixed finite element and atomistic formulation for 
          complex crystals",
   Journal="Physical Review B",
   Volume=59,
   Pages="235-245",
   Year=1999}

@Incollection{Truskinovsky1996,
   Author="Truskinovsky, L.",
   Title="Fracture as a phase transformation",
   Booktitle="Contemporary Research in the Mechanics and Mathematics of Materials",
   Editor="Batra, R.C. and Beatty, M.F.",
   Publisher="CIMNE",
   Pages="322-332",
   Year=1996}

@Article{Tvergaard1992,
   Author="Tvergaard, V. and Hutchinson, J.W.",
   Title="The relation between crack growth resistance and fracture process
          parameters in elastic-plastic solids",
   Journal="Journal of the Mechanics and Physics of Solids",
   Volume=40,
   Pages="1377-1397",
   Year=1992}

@Article{Tvergaard1993,
   Author="Tvergaard, V. and Hutchinson, J.W.",
   Title="The influence of plasticity on mixed mode interface toughness",
   Journal="Journal of the Mechanics and Physics of Solids",
   Volume=41,
   Pages="1119-1135",
   Year=1993}

@Article{Tvergaard1994,
   Author="Tvergaard, V. and Hutchinson, J.W.",
   Title="Toughness of an interface along a thin ductile layer joining elastic solids",
   Journal="Philosophical Magazine A",
   Volume=70,
   Pages="641-656",
   Year=1994}

@Book{Wallace1972,
   Author="Wallace, D.C.",
   Title="Thermodynamics of Crystals",
   Publisher="John Wiley and Sons, Inc.",
   Address="New York",
   Year=1972}

@Article{Wan1990,
   Author="Wan, K.T. and Lathabai, S. and Lawn, B.R.",
   Title="Crack velocity functions and thresholds in brittle solids",
   Journal="Journal of the European Ceramic Society",
   Volume=6,
   Pages="259-268",
   Year=1990}
		  
@Article{Wan1992,
   Author="Wan, K.T. and Lawn, B.R. and Horn, R.G.",
   Title="Repulsive interaction between coplanar cracks in the
		  double-cantilever geometry",
   Journal="Journal of Materials Research",
   Volume=7,
   Pages="1584-1588",
   Year=1992}
   
@Article{Wei1997a,
   Author="Wei, Y. and Hutchinson, J.W.",
   Title="Nonlinear delamination mechanics for thin films",
   Journal="Journal of the Mechanics and Physics of Solids",
   Volume=45,
   Pages="1137-1159",
   Year=1997}

@Article{Wei1997b,
   Author="Wei, Y. and Hutchinson, J.W.",
   Title="Steady-state crack growth and work of fracture for solids
          characterized by strain gradient plasticity",
   Journal="Journal of the Mechanics and Physics of Solids",
   Volume=45,
   Pages="1137-1159",
   Year=1997}

@Article{Willis1967,
   Author="Willis, J.R.",
   Title="A comparison of the fracture criteria of 
         \uppercase{g}riffith and \uppercase{b}arenblatt",
   Journal="Journal of the Mechanics and Physics of Solids",
   Volume=15,
   Pages="151-162",
   Year=1967}

@Article{Xia1996,
   Author="Xia, Z.C. and Hutchinson, J.W.",
   Title="Crack tip fields in strain gradient plasticity",
   Journal="Journal of the Mechanics and Physics of Solids",
   Volume=44,
   Pages="1621-1648",
   Year=1996}

@Article{Yoffe1951,
   Author="Yoffe, E.H.",
   Title="The moving \uppercase{g}riffith crack",
   Journal="Philosophical Magazine",
   Volume=42,
   Pages="739-750",
   Year=1951}

