% $Id: general.bib,v 1.4 2001-04-10 01:57:50 paklein Exp $

% technical reports
@TechReport{Aztecv11,
   Author = "Hutchinson, S.A. and Shadid, J.N. and Tuminaro, R.S.",
   Title  ="\textsf{Aztec} User's Guide Version 1.1",
   Number = "SAND95-1559",
   Institution = "Sandia National Laboratory",
   Year = "1995"}

@TechReport{EnSight6,
   Key = "EnSight6",
   Title  ="\uppercase{E}n\uppercase{S}ight \uppercase{U}ser \uppercase{M}anual",
   Number = "Version 6.2",
   Institution = "Computational Engineering International, Inc.",
   Year = "1998"}

@TechReport{ExodusII,
   Author = "Schoof, L.A. and Yarberry, V.R.",
   Title  ="\uppercase{E}xodus\uppercase{II}: A finite element data model",
   Number = "SAND92-2137",
   Institution = "Sandia National Laboratory",
   Year = "1992"}

@TechReport{TecPlot8,
   Key = "TecPlot8",
   Title  ="\uppercase{T}ec\uppercase{P}lot \uppercase{U}ser \uppercase{M}anual",
   Number = "Version 8.0",
   Institution = "Amtec Engineering, Inc.",
   Year = "1999"}
   
@TechReport{SPOOLESv22,
   Author = "Ashcraft, C. and Pierce, D. and Wah, D.K. and Wu, J.",
   Title  ="The Reference Manual for \textbf{SPOOLES}, Release 2.2",
   Institution = "Boeing Shared Services Group",
   Year = "1999"}

% other references
@Article{Aifantis1992,
   Author="Aifantis, E.C.",
   Title="On the role of gradients in the localization of deformation 
          and fracture",
   Journal="International Journal of Engineering Science",
   Volume=30,
   Pages="1279-1299",
   Year=1992}

@Article{Armero1996,
   Author="Armero, F. and Garikipati, K.",
   Title="Analysis of strong discontinuities in multiplicative finite
          strain plasticity and their relation with numerical simulation
          of strain localization in solids",
   Journal="International Journal of Solids and Structures",
   Volume=33,
   Pages="2863-2885",
   Year=1996}

@Article{Bazant1984,
   Author="Ba\v{z}ant, Z.P. and Belytschko, T. and Chang, T.P.",
   Title="Continuum theory for strain softening",
   Journal="Journal of Engineering Mechanics",
   Volume=110,
   Pages="1666-1692",
   Year=1984}

@Article{Bazant1986,
   Author="Ba\v{z}ant, Z.P.",
   Title="Efficient numerical integration on the surface of a sphere",
   Journal="Zeitschrift f$\ddot{\textrm{u}}$r Angewandte Mathematik und Mechanik",
   Volume=66,
   Pages="37-49",
   Year=1986}

@Article{Bazant1987,
   Author="Pijaudier-Cabot, G. and Ba\v{z}ant, Z.P.",
   Title="Nonlocal damage theory",
   Journal="Journal of Engineering Mechanics",
   Volume=113,
   Pages="1512-1533",
   Year=1987}

@Article{Bazant1988,
   Author="Ba\v{z}ant, Z.P. and Pijaudier-Cabot, G.",
   Title="Nonlocal continuum damage, localization instability, and convergence",
   Journal="Journal of Applied Mechanics",
   Volume=55,
   Pages="287-293",
   Year=1988}
   
@Article{Coleman1967,
   Author="Coleman, B.D. and Gurtin, M.E.",
   Title="Thermodynamics with Internal State Variables",
   Journal="The Journal of Chemical Physics",
   Volume=47,
   Pages="597-613",
   Year=1967}

@Article{Fleck1997,
   Author="Fleck, N.A. and Hutchinson, J.W.",
   Title="Strain gradient plasticity",
   Journal="Advances in applied mechanics",
   Volume=33,
   Pages="295-361",
   Year=1997}

@Article{Garikipati1998,
   Author="Garikipati, K. and Hughes, T.J.R.",
   Title="A study of strain localization in a multiple scale framework:
          the one-dimensional problem",
   Journal="Computer Methods in Applied Mechanics and Engineering",
   Volume=159,
   Pages="193-222",
   Year=1998}

@Article{Garikipati1999,
   Author="Garikipati, K. and Hughes, T.J.R.",
   Title="A variational multiscale approach to strain localization---
          formulation for multidimensional problems",
   Journal="Computer Methods in Applied Mechanics and Engineering",
   Comment="to appear",
      Year=1999}

@Book{Gill1981,
   Author="Gill, E.P. and Murray, W. and Wright, M.H.",
   Title="Practical Optimization",
   Publisher="Academic Press",
   Address="New York",
   Year=1981}

@Article{Gurson1977,
   Author="Gurson, A.L.",
   Title="Continuum theory of ductile rupture by void nucleation and
          growth: \uppercase{Part I}",
   Journal="Journal of Engineering Materials and Technology",
   Volume="99",
   Pages="2-15",
   Year=1977}
   
@Article{Heegaard1993,
   Author="Heegaard, J.-H. and Curnier, A.",
   Title="An augmented \uppercase{l}agrangian method for discrete
          large-slip contact problems",
   Journal="International Journal for Numerical Methods in 
            Engineering",
   Volume=36,
   Pages="569-593",
   Year=1993}

@Article{Hill1962,
   Author="Hill, R.",
   Title="Acceleration waves in solids",
   Journal="Journal of the Mechanics and Physics of Solids",
   Volume=10,
   Pages="1-16",
   Year=1962}

@Article{Hill1975,
   Author="Hill, R.",
   Title="On the elasticity and stability of perfect crystals at finite strain",
   Journal="Mathematical Proceedings of the Cambridge Philosophical Society",
   Volume=77,
   Pages="225-240",
   Year=1975}

@Article{Hill1977,
   Author="Hill, R. and Milstein, F.",
   Title="Principles of stability analysis of ideal crystals",
   Journal="Physical Review B",
   Volume=15,
   Pages="3807-3096",
   Year=1977}

@Article{Huang1950,
   Author="Huang, K.",
   Title="On the atomic theory of elasticity",
   Journal="Proceedings of the Royal Society of London",
   Volume="A203",
   Pages="178-194",
   Year=1950}

@Article{Hughes1977,
   Author="Hilber, H.M. and Hughes, T.J.R. and Taylor, R.L.",
   Title="Improved numerical dissipation for time integration
          algorithms in structural dynamics",
   Journal="Earthquake Engineering and Structural Dynamics",
   Volume="5",
   Pages="283-292",
   Year=1977}

@Book{Hughes1987,
   Author="Hughes, T.J.R.",
   Title="The Finite Element Method",
   Publisher="Prentice-Hall, Inc.",
   Address="Englewood Cliffs, New Jersey",
   Year=1987}

@Article{Hughes1998,
   Author="Stewart, J.R. and Hughes, T.J.R.",
   Title="A tutorial in elementary finite element error analysis: A
          systematic presentation of a priori and a posteriori error
          estimates",
   Journal="Computer Methods in Applied Mechanics and Engineering",
   Volume="158",
   Pages="1-22",
   Year=1998}

@Book{Kunin1982,
   Author="Kunin, A.I.",
   Title="Elastic Media with Microstructure",
   Publisher="Springer-Verlag",
   Address="New York",
   Year=1982}

@Article{Lee1993,
   Author="Lee, N.S. and Bathe, K.J.",
   Title="Error indicators and adaptive remeshing in large deformation
          finite element analysis",
   Journal="Finite Elements in Analysis and Design",
   Volume="16",
   Pages="99-139",
   Year=1993}

@Book{Marsden1983,
   Author="Marsden, J. E. and Hughes, T. J. R.",
   Title="Mathematical Foundations of Elasticity",
   Publisher="Dover Publications, Inc.",
   Address="New York",
   Year=1983}

@Article{Miehe1999a,
   Author="Miehe, C. and Schroder, J. and Schotte, J.",
   Title="Computational homogenization analysis in finite plasticity: 
          simulation of texture development in polycrystalline materials",
   Journal="Computer Methods in Applied Mechanics and Engineering",
   Volume=13,
   Pages="387-418",
   Year=1999}

@Article{Miehe1999b,
   Author="Miehe, C. and Schroder, J. and Schotte, J.",
   Title="Finite Element Analysis of Localized Failure in Strain - Softening Solids
          Based on an Assumed Fluctuation Mode on a Micro-Structure",
   Journal="Computer Methods in Applied Mechanics and Engineering",
   Comment="submitted for publication",
   Year=1999}

@Article{Oden1997,
   Author="Oden, J.T. and Ainsworth, M.",
   Title="A posteriori error estimation in finite element analysis",
   Journal="Computer Methods in Applied Mechanics and Engineering",
   Volume=142,
   Pages="1-88",
   Year=1997}

@Book{Ogden1983,
   Author="Ogden, R.W.",
   Title="Non-linear Elastic Deformations",
   Publisher="John Wiley and Sons, Inc.",
   Address="New York",
   Year=1984}

@Article{Regueiro1999,
   Author="Regueiro, R.A. and Borja, R.I.",
   Title="A finite element model of localized deformation in
          frictional materials taking a strong discontinuity
		  approach",
   Journal="Finite Elements in Analysis and Design",
   Volume=33,
   Pages="283-315",
   Year=1999}

@Article{Simo1985,
   Author="Simo, J.C. and Taylor, R.L. and Pister, K.S.",
   Title="Variational and Projection Methods for the Volume
          Constraint in Finite Deformation Elastoplasticity",
   Journal="Computer Methods in Applied Mechanics and Engineering",
   Volume=51,
   Pages="177-208",
   Year=1995}   

@Article{Simo1988a,
   Author="Simo, J.C.",
   Title="A Framework for finite strain elastoplasticity
          based on maximum plastic dissipation and the 
		  multiplicative decomposition: part \uppercase{I}.
		  continuum formulation",
   Journal="Computer Methods in Applied Mechanics and Engineering",
   Volume=66,
   Pages="199-219",
   Year=1988}   

@Article{Simo1988b,
   Author="Simo, J.C.",
   Title="A Framework for finite strain elastoplasticity
          based on maximum plastic dissipation and the 
		  multiplicative decomposition: part \uppercase{II}.
		  computational aspects",
   Journal="Computer Methods in Applied Mechanics and Engineering",
   Volume=68,
   Pages="1-31",
   Year=1988}   
   
@Article{Simo1991,
   Author="Simo, J.C. and Taylor, R.L.",
   Title="Quasi-incompressible Finite Elasticity In Principal Stretches. 
          Continuum Basis and Numerical Algorithms",
   Journal="Computer Methods in Applied Mechanics and Engineering",
   Volume=85,
   Pages="273-310",
   Year=1991}

@Article{Simo1992,
   Author="Simo, J.C.",
   Title="Algorithms for static and dynamic multiplicative plasticity that
          preserve the classical return mapping schemes of the infinitesimal
          theory",
   Journal="Computer Methods in Applied Mechanics and Engineering",
   Volume=99,
   Pages="61-112",
   Year=1992}

@Book{Simo1998,
   Author="Simo, J.C. and Hughes, T.J.R.",
   Title="Computational Inelasticity",
   Publisher="Springer",
   Address="New York",
   Year=1998}

@Article{Sloan1986,
   Author="Sloan, S.W.",
   Title="Algorithm for profile and wavefront reduction of sparse matrices",
   Journal="International Journal for Numerical Methods in Engineering",
   Volume=23,
   Pages="239-251",
   Year=1986}

@Article{Shu1999,
   Author="Shu, J.Y. and King, W.E. and Fleck, N.A.",
   Title="Finite elements for materials with strain gradient effects",
   Journal="International Journal for Numerical Methods in Engineering",
   Volume=44,
   Pages="373-391",
   Year=1999}

@Article{Trianta1986,
   Author="Triantafyllidis, N. and Aifantis, E.C.",
   Title="A gradient approach to localization of deformation .1.
          hyperelastic materials",
   Journal="Journal of Elasticity",
   Volume=16,
   Pages="225-237",
   Year=1986}

@Article{Trianta1993,
   Author="Triantafyllidis, N. and Bardenhagen, S.",
   Title="On higher-order gradient continuum-theories in 1-D nonlinear elasticity:
          derivation from and comparison to the corresponding discrete models",
   Journal="Journal of Elasticity",
   Volume=33,
   Pages="259-293",
   Year=1993}

@Article{Trianta1994,
   Author="Bardenhagen, S. and Triantafyllidis, N.",
   Title="Derivation of higher-order gradient continuum-theories in 2,3-D nonlinear elasticity
          from periodic lattice models",
   Journal="Journal of Mechanics and Physics of Solids",
   Volume=42,
   Pages="111-139",
   Year=1994}

@Article{Trianta1996,
   Author="Triantafyllidis, N. and Bardenhagen, S.",
   Title="The influence of scale size on the stability of periodic solids and the
          role of associated higher-order gradient continuum models",
   Journal="Journal of Mechanics and Physics of Solids",
   Volume=44,
   Pages="1891-1928",
   Year=1996}

@Incollection{Truesdell1965,
   Author="Truesdell, C. and Noll, W.",
   Title="The nonlinear field theories of mechanics",
   Booktitle="Handbuch der \uppercase{p}hysik, Band iii/3",
   Editor="Fl{\"u}gge, S.",
   Publisher="Springer-Verlag",
   Address="Berlin",
   Year=1965}

@Incollection{Underwood1983,
   Author="Underwood, P.",
   Title="Dynamic relaxation",
   Booktitle="Computational methods for transient analysis",
   Editor="Belytschko, T. and Hughes, T.J.R.",
   Publisher="Elsevier Science",
   Pages="245-265",
   Year=1983}

@Article{Zhu1997,
   Author="Zhu, J.Z.",
   Title="A posteriori error estimation---the relationship between different procedures",
   Journal="Computational Methods in Applied Mechanics and Engineering",
   Volume=150,
   Pages="411-422",
   Year=1997}