% $Id: fracture.experiments.bib,v 1.1 2001-03-13 02:26:05 paklein Exp $

@Article{Bailey1967,
   Author="Bailey, A.I. and Kay, S.M.",
   Title="A direct measurement of the influence of vapour, of liquid,
		  and of oriented monolayers on the interfacial energy
		  of mica",
   Journal="Proceedings of the Royal Society of London",
   Volume="A301",
   Pages="1464",
   Year=1967}

@Article{Bazzard1986,
   Author="Bazzard, R.J. and Gross, B. and Srawley, J.E.",
   Title="Mode \uppercase{II} fatigue crack growth specimen",
   Journal="ASTM STP",
   Volume=906,
   Pages="329-346",
   Year=1986}

@InProceedings{Bryant1963,
   Author="Bryant, P.J. and Taylor, L.H. and Guthshall, P.L.",
   Title="Cleavage studies of lamellar solids in various gas environments",
   BookTitle="Transactions of the 10th National Vacuum Symposium",
   Year=1963}
   
@Article{Ferney1999,
   Author="Ferney, B.D. and DeVary, M.R. and Hsia, K.J. and Needleman, A.",
   Title="Oscillatory Crack Growth in Glass",
   Journal="Scripta Materialia",
   Comment="in press",
   Year=1993}

@Article{Fineberg1991,
   Author=" Fineberg, J. and Gross, S.P. and Marder, M. and Swinney, H.L.",
   Title="Instability in dynamic fracture",
   Journal="Physical Review Letters",
   Volume=67,
   Pages="457-460",
   Year=1991}

@Article{Fineberg1992,
   Author="Fineberg, J. and Gross, S.P. and Marder, M. and Swinney, H.L.",
   Title="Instability in the propagation of fast cracks",
   Journal="Physical Review B",
   Volume=45,
   Pages="5146-5154",
   Year=1992}

@Article{George1993,
   Author="George, A. and Michot, G.",
   Title="Dislocation loops at crack tips: nucleation and growth: an 
          experimental study in silicon",
   Journal="Materials Science and Engineering A",
   Volume=164,
   Pages="118-134",
   Year=1993}

@Article{George1994,
   Author="George, A. and Michot, G.",
   Title="Dislocation loops at crack tips: control and analysis of 
          sources in silicon",
   Journal="Materials Science and Engineering A",
   Volume=176,
   Pages="99-109",
   Year=1994}

@InProceedings{Hill2000,
   Author="Hill, J.C. and Foulk, J.W. and Klein, P.A. and Chen, E.P.",
   Title="A three-dimensional validation of crack curvature in
		  muscovite mica",
   BookTitle="Proceedings of the 10th International Conference of IACMAG",
   Year=2000}
   
@Inproceedings{Kalthoff1987,
   Author="Kalthoff, J.F. and Winkler, S.",
   Title="Failure mode transition at high rates of shear loading",
   Booktitle="International Conference on Impact Loading and Dynamic 
              Behavior of Materials",
   editor="Chiem, C.Y. and Kunze, H.D. and Meyer, L.W.",
   Pages="185-195",
   Year=1987}

@Article{Kamins1997,
   Author="Kamins, T.I. and Williams, R.S.",
   Title="Lithographic  positioning of self-assembled \textup{Ge} islands
          on \textup{Si(100)}",
   Journal="Applied Physics Letters",
   Volume="71",
   Pages="1201-1203",
   Year=1997}

@Article{Kiang1996,
   Author="Kiang, M.-H. and Solgaard, O. and Muller, R.S. and Lau, K.Y.",
   Title="Silicon-micromachined micromirrors integrated with high-precision
          actuators for external-cavity semiconductor lasers",
   Journal="IEEE Photonics Technology Letters",
   Volume="8",
   Pages="95-97",
   Year=1996}

@Article{Klaassen1995,
   Author="Klaassen, E.H. and Petersen, K. and Noworolski, J.M. and 
           Logan, J. and Maluf, N.I. and Brown, J. and Storment, C. and
           McCulley, W. and Kovacs, G.T.A.",
   Title="Silicon fusion bonding and deep reactive ion etching; a new technology for microstructures",
   Journal="Digest of Technical Papers from Transducers '95/Eurosensors IX",
	  Volume="1",
   Pages="25-29",
   Year=1995}

@Article{Knauss1993a,
   Author="Knauss, W.G.",
   Title="Time dependent fracture and cohesive zones",
   Journal="Journal of Engineering Materials and Technology",
   Volume=115,
   Pages="262-267",
   Year=1993}

@Article{Knauss1993b,
   Author="Knauss, W.G. and Losi, G.U.",
   Title="Crack Propagation in a Nonlinearly Viscoelastic Solid 
          with Relevance to Adhesive Bond Failure",
   Journal="Journal of Applied Mechanics",
   Volume=60,
   Pages="793-801",
   Year=1993}   

@Article{Kobayashi1976,
   Author="Kobayashi, A.S. and Emery, A.F. and Mall, S.",
   Title="Dynamic finite element and photoelastic analyses of two
          fracture \uppercase{H}omalite-100 plates",
   Journal="Experimental Mechanics",
   Volume="16",
   Pages="321-328",
   Year=1976}

@InProceedings{Lane1997,
   Author="Lane, M. and Ware, R. and Voss, S. and Ma, Q. and Fujimoto, H. and 
           Dauskardt, R.H.",
   Title="Progressive debonding in multilayer interconnect structures",
   BookTitle="Proceedings of the 1997 MRS Spring Symposium",
   Series="Materials Reliability in Microelectronics",
   Organization="Materials Research Society",
   Volume="473",
   Pages="21-26",
   Year=1997}

@Article{Lee1999,
   Author="Lee, Y. and Prakash, V.",
   Title="Dynamic Brittle Fracture of High Strength Structural 
          Steels under Conditions of Plane Strain",
   Journal="International Journal of Solids and Structures",
   Volume="36",
   Pages="3293-3337",
   Year=1999}   

@Article{Ma1997a,
   Author="Ma, Q.",
   Title="A four-point bending technique for studying subcritical crack 
          growth in thin films and at interfaces",
   Journal="Journal of the Materials Research Society",
   Volume="12",
   Pages="840-845",
   Year=1997}

@InProceedings{Ma1997b,
   Author="Ma, Q. and Bumgarner, J. and Fujimoto, H. and Dauskardt, R.H.",
   Title="Adhesion measurement of interfaces in multilayer interconnect structures",
   BookTitle="Proceedings of the 1997 MRS Spring Symposium",
   Series="Materials Reliability in Microelectronics",
   Organization="Materials Research Society",
   Volume="473",
   Pages="3-14",
   Year=1997}

@Article{Mao1998,
   Author="Mao, X. and Qiao, L. and Li, X.",
   Title="In-situ transmission electron microscope study on nanocrack
          nucleation and growth of intermetallic alloy",
   Journal="Acta Metallurgica",
   Volume=39,
   Pages="519-525",
   Year=1998}

@Article{Mao1999,
   Author="Mao, X.",
   Title="Nucleation of Nanocracks by Quasi-Cleavage Process
          in Dislocation Free Zone",
   Journal="Philosophical Magazine A",
   Comment="in press",
   Year=1999}

@Article{McElhaney1998,
   Author="McElhaney, K.W. and Vlassak, J.J. and Nix, W.D.",
   Title="Determination of indenter tip geometry and indentation contact
          area for depth-sensing indentation experiments",
   Journal="Journal of the Materials Research Society",
   Volume=13,
   Pages="387-418",
   Year=1998}

@Article{McNeil1993,
   Author="McNeil, L.E.",
   Title="Elastic moduli of muscovite mica",
   Journal="Journal of Physics: Condensed Matter",
   Volume=5,
   Pages="1681-1690",
   Year=1993}

@Article{Obreimoff1930,
   Author="Obreimoff, J.W.",
   Title="The splitting strength of mica",
   Journal="Proceedings of The Royal Society of London",
   Volume="A215",
   Pages="905",
   Year=1930}
   
@Article{RaviChandar1998,
   Author="Ravi-Chandar, K.",
   Title="Dynamic fracture of nominally brittle materials",
   Journal="International Journal of Fracture",
   Volume=90,
   Pages="83-102",
   Year=1998}

@Article{RaviChandar1984a,
   Author="Ravi-Chandar, K. and Knauss, W.G.",
   Title="An experimental investigation into dynamic fracture:
          \uppercase{I}. crack initiation and arrest",
   Journal="International Journal of Fracture",
   Volume=25,
   Pages="247-262",
   Year=1984}

@Article{RaviChandar1984b,
   Author="Ravi-Chandar, K. and Knauss, W.G.",
   Title="An experimental investigation into dynamic fracture:
          \uppercase{II}. microstructural aspects",
   Journal="International Journal of Fracture",
   Volume=26,
   Pages="65-80",
   Year=1984}

@Article{RaviChandar1984c,
   Author="Ravi-Chandar, K. and Knauss, W.G.",
   Title="An experimental investigation into dynamic fracture:
          \uppercase{III}. on steady state propagation and branching",
   Journal="International Journal of Fracture",
   Volume=26,
   Pages="141-154",
   Year=1984}

@Article{RaviChandar1984d,
   Author="Ravi-Chandar, K. and Knauss, W.G.",
   Title="An experimental investigation into dynamic fracture:
          \uppercase{IV}. on the interaction of stress waves with
          propagating cracks",
   Journal="International Journal of Fracture",
   Volume=26,
   Pages="189-200",
   Year=1984}   

@Article{Ravichandran1994,
   Author="Chen, W.N. and Ravichandran, G.",
   Title="Dynamic Compressive Behavior of Ceramics Under Lateral Confinement",
   Journal="Journal of Physics",
   Volume=4,
   Pages="177-182",
   Year=1994}   

@Article{Ravichandran1996,
   Author="Chen, W.N. and Ravichandran, G.",
   Title="Static and Dynamic Compressive Behavior of Aluminum 
          Nitride Under Moderate Confinement",
   Journal="Journal of the American Ceramic Society",
   Volume=79,
   Pages="579-584",
   Year=1996}
   
@Article{Ronsin1995,
   Author="Ronsin, O. and Heslot, F. and Perrin, B.",
   Title="Experimental study of quasi-static crack propagation",
   Journal="Physical Review Letters",
   Volume=75,
   Pages="2352-2355",
   Year=1995}

@Article{Ronsin1997,
   Author="Ronsin, O. and Perrin, B.",
   Title="Multi-fracture propagation in a directional crack-growth experiment",
   Journal="Europhysics Letters",
   Volume=38,
   Pages="435-440",
   Year=1997}

@Article{Rosakis1999,
   Author="Rosakis, A.J. and Samudrala, O. and Coker, D.",
   Title="Cracks faster than the shear wave speed",
   Journal="Science",
   Volume="284",
   Pages="1337-1340",
   Year=1999}

@Article{Smith1986,
   Author="Smith, C.W. and Wiersma, S.J.",
   Title="Stress-fringe signatures for a propagating crack",
   Journal="Engineering Fracture Mechanics",
   Volume=23,
   Pages="229-236",
   Year=1986}

@Article{Venkatraman1992,
   Author="Venkatraman, R. and Bravman, J.C.",
   Title="Separation of film thickness and grain boundary strengthening
          effects in \uppercase{a}l thin films on \uppercase{s}i",
   Journal="Journal of the Materials Research Society",
   Volume=7,
   Pages="2040-2048",
   Year=1992}
   
@Article{Yuse1993,
   Author="Yuse, A. and Sano, M.",
   Title="Transition between crack patterns in quenched glass plates",
   Journal="Nature",
   Volume=362,
   Pages="329-331",
   Year=1993}

@Article{Yuse1997,
   Author="Yuse, A. and Sano, M.",
   Title="Instabilities of quasi-static crack patterns in glass plates",
   Journal="Physica D",
   Volume=108,
   Pages="365-378",
   Year=1997}
