% $Id: meshfree.bib,v 1.1 2001-03-13 02:26:05 paklein Exp $

@Article{Atluri1998a,
   Author="Atluri, S. and Zhu, T.",
   Title="A new meshless local \uppercase{P}etrov-\uppercase{G}alerkin
         approach in computational mechanics",
   Journal="Computational Mechanics",
   Volume=22,
   Pages="117-127",
   Year=1998}

@Article{Atluri1998b,
   Author="Zhu, T. and Zhang, J. and Atluri, S.",
   Title="A local boundary integral equation (\uppercase{LBIE})
          method in computational mechanics, and a meshless
          discretization approach",
   Journal="Computational Mechanics",
   Volume=21,
   Pages="223-235",
   Year=1998}

@Article{Belytschko1994a,
   Author="Belytschko, T. and Gu, L. and Lu, Y.Y.",
   Title="Fracture and crack growth by element free 
          \uppercase{G}alerkin methods",
   Journal="Modelling and Simulation in Materials Science and Engineering",
   Volume=2,
   Pages="519-534",
   Year=1994}

@Article{Belytschko1994b,
   Author="Belytschko, T. and Lu, Y.Y. and Gu, L.",
   Title="Element-free \uppercase{G}alerkin methods",
   Journal="International Journal for Numerical Methods in Engineering",
   Volume=37,
   Pages="229-256",
   Year=1994}

@Article{Belytschko1995a,
   Author="Belytschko, T. and Organ, D. and Krongauz, Y.",
   Title="A coupled finite-element, element-free \uppercase{G}alerkin 
          method",
   Journal="Computational Mechanics",
   Volume=17,
   Pages="186-195",
   Year=1995}

@Article{Belytschko1995b,
   Author="Belytschko, T. and Lu, Y.Y. and Gu, L. and Tabbara, M.R.",
   Title="Element-free \uppercase{G}alerkin methods for static and
          dynamic fracture",
   Journal="International Journal of Solids and Structures",
   Volume=17,
   Pages="186-195",
   Year=1995}

@Article{Belytschko1995c,
   Author="Lu, Y.Y. and Belytschko, T. and Tabbara, M.R.",
   Title="Element-free \uppercase{G}alerkin methods for wave
          propagation and dynamic fracture",
   Journal="Computer Methods in Applied Mechanics and Engineering",
   Volume=126,
   Pages="131-153",
   Year=1995}

@Article{Belytschko1996a,
   Author="Belytschko, T. and Krongauz, Y. and Fleming, M. and
           Organ, D. and Liu, W.K.",
   Title="Smoothing and accelerated  computations in the element free
          \uppercase{G}alerkin methods",
   Journal="Journal of Computational and Applied Mathematics",
   Volume=74,
   Pages="111-126",
   Year=1996}
% used visibility criterion
   
@Article{Belytschko1996b,
   Author="Belytschko, T. and Tabbara, M.R.",
   Title="Dynamic fracture using element-free
          \uppercase{G}alerkin methods",
   Journal="International Journal for Numerical Methods in Engineering",
   Volume=39,
   Pages="923-938",
   Year=1996}

@Article{Belytschko1996c,
   Author="Belytschko, T. and Krongauz, Y. and Organ, D. and Fleming, M.
           and Krysl, P.",
   Title="Meshless methods: an overview and recent developments",
   Journal="Computer Methods in Applied Mechanics and Engineering",
   Volume=139,
   Pages="3-47",
   Year=1996}

@Article{Belytschko1996d,
   Author="Beissel, S. and Belytschko, T.",
   Title="Nodal integration of the element-free 
          \uppercase{G}alerkin method",
   Journal="Computer Methods in Applied Mechanics and Engineering",
   Volume=139,
   Pages="49-74",
   Year=1996}

@Article{Belytschko1996e,
   Author="Organ, D. and Fleming, T. and Terry, T. and 
           Belytschko, T.",
   Title="Continuous meshless approximations for nonconvex bodies
          by diffraction and transparency",
   Journal="Computational Mechanics",
   Volume=18,
   Pages="1-11",
   Year=1996}   
   
@Article{Belytschko1997,
   Author="Krysl, P. and Belytschko, T.",
   Title="Element-free \uppercase{G}alerkin method:
          convergence of the continuous and discontinuous
	  shape functions",
   Journal="Computer Methods in Applied Mechanics and Engineering",
   Volume=148,
   Pages="257-277",
   Year=1997}   
   
@Article{Belytschko1999a,
   Author="Dolbow, J. and Belytschko, T.",
   Title="Numerical integration of the \uppercase{G}alerkin 
          weak form in meshfree methods",
   Journal="Computational Mechanics",
   Volume=23,
   Pages="219-230",
   Year=1999}

@Article{Belytschko1999b,
   Author="Moes, N. and Dolbow, J. and Belytschko, T.",
   Title="A finite element method for crack growth without remeshing",
   Journal="International Journal of Numerical Methods in Engineering",
   Volume=46,
   Pages="131-150",
   Year=1999}

@Article{Belytschko1999c,
   Author="Krysl, P. and Belytschko, T.",
   Title="The element free \uppercase{G}alerkin method for dynamic
          propagation of arbitrary 3-\uppercase{D} cracks",
   Journal="International Journal of Numerical Methods in Engineering",
   Volume=44,
   Pages="767-800",
   Year=1999}

@Article{Chen1996,
   Author="Chen, J.S. and Pan, C. and Wu, C.T. and Liu, W.K.",
   Title="Reproducing kernel particle
          methods for large deformation analysis of
          nonlinear structures",
   Journal="Computer Methods in Applied Mechanics and Engineering",
   Volume=139,
   Pages="195-227",
   Year=1996}

@Article{Chen2000a,
   Author="Chen, J.S. and Wu, C.T. and Yoon, S. and You, Y.",
   Title="A stabilized Conforming Nodal Integration for \textup{G}alerkin 
          meshfree methods",
Journal="International Journal of Numerical Methods in Engineering",
   Note="accepted for publication",
   Year=2000}

@Article{Chen2000b,
   Author="Chen, J.S. and Wu, C.T. and Yoon, S.",
   Title="Nonlinear version of stabilized conforming nodal integration 
          for \textup{G}alerkin meshfree methods",
Journal="International Journal of Numerical Methods in Engineering",
   Note="submitted for publication",
   Year=2000}   
   
@Article{Gingold1977,
   Author="Gingold, R.A. and Monaghan, J.J.",
   Title="Smoothed particle hydrodynamics: theory and 
   application to non-spherical stars",
   Journal="Monthly Notices of the Royal Astronomical Society",
   Volume=181,
   Pages="375-389",
   Year=1977}

@Article{Krongauz1998,
   Author="Krongauz, Y. and Belytschko, T.",
   Title="\uppercase{EFG} approximation with discontinuous derivatives",
   Journal="International Journal for Numerical Methods in Engineering",
   Volume=41,
   Pages="1215-1233",
   Year=1998}

@Article{Lancaster1981,
   Author="Lancaster, P. and Salkauskas, K.",
   Title="Surfaces generated by moving least squares methods",
   Journal="Mathematics of Computation",
   Volume=37,
   Pages="141-158",
   Year=1981}
   
@Article{Liszka1996,
   Author="Liszka, T.J. and Duarte, C.A.M. and Tworzydlo, W.W.",
   Title="\lowercase{hp}-meshless cloud method",
   Journal="Computer Methods in Applied Mechanics and Engineering",
   Volume=139,
   Pages="263-288",
   Year=1996}

@Article{Liu1995a,
   Author="Liu, W.K. and Chen, Y.",
   Title="\uppercase{R}eproducing kernel 
          particle methods",
   Journal="International Journal for Numerical Methods in Fluids",
	   Volume=20,
     Pages="1081-1106",
      Year=1995}

@Article{Liu1995b,
   Author="Liu, W.K. and Chen, Y.",
   Title="Wavelet and multiple scale reproducing kernel 
          method",
   Journal="International Journal for Numerical Methods in Fluids",
	   Volume=21,
     Pages="901-931",
      Year=1995}

@Article{Liu1995c,
   Author="Liu, W.K. and Jun, S. and Li, S. and Adee, J. and Belytschko, T.",
   Title="\uppercase{R}eproducing kernel 
          methods for structural dynamics",
   Journal="International Journal for Numerical Methods in Engineering",
	   Volume=38,
     Pages="1655-1679",
      Year=1995}

@Article{Liu1996a,
   Author="Li, S. and Liu, W.K.",
   Title="Moving least square reproducing kernel 
          method (\uppercase{II}): \uppercase{F}ourier analysis",
   Journal="Computer Methods in Applied Mechanics and Engineering",
	   Volume=139,
     Pages="159-194",
      Year=1996}

@Article{Liu1996b,
   Author="Liu, W.K. and Chen, Y. and Uras, R.A. and Chang, C.T.",
   Title="Generalized multiple scale reproducing 
          kernel particle methods",
   Journal="Computer Methods in Applied Mechanics and Engineering",
	   Volume=139,
     Pages="91-158",
      Year=1996}

@Article{Liu1996c,
   Author="Liu, W.K. and Chen, Y. and Chang, C.T. and Belytschko, T.",
   Title="Advances in Multiple Scale Kernel Particle Methods",
   Journal="Computational Mechanics",
	   Volume=18,
     Pages="73-111",
      Year=1996}

@Article{Liu1997a,
   Author="Li, S. and Liu, W.K.",
   Title="Moving least square reproducing kernel 
          method (\uppercase{I}): Methodology and Convergence",
   Journal="Computer Methods in Applied Mechanics and Engineering",
	   Volume=143,
     Pages="113-154",
      Year=1997}
% reformulation of RKPM as MLS procedure
% analysis of convergence

@Article{Liu1997b,
   Author="Li, S. and Liu, W.K.",
   Title="Moving least square reproducing kernel 
          method (\uppercase{III}): Wavelet Packet and 
          Its Applications",
   Journal="Computer Methods in Applied Mechanics and Engineering",
   Comment="submitted for publication",
      Year=1997}

@Article{Liu1997c,
   Author="Liu, W.K. and Hao, W. and Chen, Y. and Jun S. and Gosz, J.",
   Title="Multiresolution reproducing kernel 
          particle methods",
   Journal="Computational Mechanics",
	   Volume=20,
     Pages="295-309",
      Year=1997}

@Article{Liu1998a,
   Author="Chen, J.S. and Yoon, S. and Wang, H. and Liu, W.K.",
   Title="An improved reproducing kernel 
          method for Nearly Incompressible Finite Elasticity",
   Journal="Computer Methods in Applied Mechanics and Engineering",
     Note="\textit{accepted for publication}",
      Year=1998}

@Article{Liu1998b,
   Author="Li, S. and Liu, W.K.",
   Title="Synchronized reproducing kernel 
          Interpolant via multiple wavelet expansion",
   Journal="Computational Mechanics",
   Volume=21,
   Pages="28-47",
   Year=1998}

@Article{Liu1998c,
   Author="Guenther, F.C. and Liu, W.K.",
   Title="Implementation of Boundary Conditions for Meshless Methods",
   Journal="Computer Methods in Applied Mechanics and Engineering",
   Volume=163,
   Pages="205-230",
   Year=1998}

@Article{Liu1998d,
   Author="Liu, W.K. and Jun, S.",
   Title="Multiple scale reproducing kernel
          particle methods for large
          deformation problems",
   Journal="International Journal for Numerical Methods in Engineering",
   Volume=41,
   Pages="1339-1362",
   Year=1998}

@Article{Liu1998e,
   Author="Jun, S. and Liu, W.K. and Belytschko, T.",
   Title="Explicit reproducing kernel 
          particle methods for 
          Large Deformation Problems",
   Journal="International Journal for Numerical Methods in Engineering",
   Volume=41,
   Pages="137-166",
   Year=1998}

@Article{Liu1998f,
   Author="Liu, W.K. and Uras, R.A. and Chen, Y.",
   Title="Enrichment of the Finite Element Method with the 
          reproducing kernel 
          particle method",
   Journal="Journal of Applied Mechanics",
   Volume=64,
   Pages="861-870",
   Year=1998}

@Article{Liu1998g,
   Author="Hao, S. and Liu, W.K. and Chang, C.T.",
   Title="Computer Implementation of Damage Models by Finite 
          Element and Meshfree Methods",
  Journal="Computer Methods in Applied Mechanics and Engineering",
    Note="\textit{accepted for publication}",
     Year=1998}

@Article{Liu1999a,
   Author="Li, S. and Liu, W.K.",
   Title="Reproducing kernel 
          hierarchical partition of 
          unity (\uppercase{I}): 
          Formulation and Theory",
   Journal="International Journal for Numerical Methods in Engineering",
   Volume=45,
    Pages="251-288",
     Year=1999}

@Article{Liu1999b,
   Author="Li, S. and Liu, W.K.",
   Title="Reproducing kernel 
          hierarchical partition of 
          unity (\uppercase{II}): 
          Applications",
   Journal="International Journal for Numerical Methods in Engineering",
   Volume=45,
    Pages="289-317",
   Year=1999}

@Article{Liu1999c,
   Author=" Wagner, G.J. and Liu, W.K.",
   Title="Application of essential boundary conditions in mesh-free 
          methods: A corrected collocation method",
   Journal="International Journal for Numerical Methods in Engineering",
      Note="\textit{to appear}",
      Year=1999}

@Article{Liu1999d,
   Author="Liu, W.K. and Hao, S. and Belytschko, T. and Li, S. and Chang, C.T.",
    Title="Multiple Scale Meshfree Methods for Damage Fracture and Localization",
  Journal="Computational Materials Science",
   Volume=16,
    Pages="197-205",
     Year=1999}

@Article{Liu1999e,
   Author="Liu, W.K. and Li, S.",
   Title="Numerical Simulations of Strain Localization in Inelastic 
          Solids Using Meshfree Methods",
   Journal="International Journal of Numerical Methods for Engineering",
      Note="\textit{accepted for publication}",
      Year=1999}

@Article{Liu2000a,
   Author="Li, S. and Hao, W. and Liu, W.K.",
   Title="Mesh-free simulations of shear banding in large 
          deformation",
   Journal="International Journal of Solids and Structures",
   Volume=37,
   Pages="7185-7206",
   Year=2000}

@Article{Liu2000b,
   Author="Liu, W.K. and Hao, S. and Belytschko, T. and Li, S. 
           and Chang, C.T.",
   Title="Multi-scale methods",
   Journal="International Journal for Numerical Methods in 
            Engineering",
   Volume=47,
   Pages="1343-1361",
   Year=2000}   
   
@Article{Moran1996,
   Author="Cordes, L.W. and Moran, B.",
   Title="Treatment of material discontinuity in the element-free
          \uppercase{G}alerkin method",
   Journal="Computer Methods in Applied Mechanics and Engineering",
   Volume=139,
   Pages="75-89",
   Year=1996}

@Article{Melenk1996,
   Author="Melenk, J.M. and Babu$\check{\textrm{s}}$ka, I.",
   Title="The partition of unity finite element method: Basic
          theory and applications",
   Journal="Computer Methods in Applied Mechanics and Engineering",
   Volume=139,
   Pages="289-314",
   Year=1996}

@Article{Nayroles1992,
   Author="Nayroles, B. and Touzot, G. and Villon, P.",
   Title="Generalizing the finite element method: Diffuse approximation
          and diffuse elements",
   Journal="Computational Mechanics",
   Volume=10,
   Pages="307-318",
   Year=1992}
% describe MLS formulation without reference to Lancaster etal.
   
@Article{Oden1998,
   Author="Oden, J.T. and Duarte, C.A.M. and Zienkiewicz, O.C.",
   Title="A new cloud-based hp finite element method",
   Journal="Computer Methods in Applied Mechanics and Engineering",
   Volume=153,
   Pages="117-126",
   Year=1998}

@Article{Sukumar1998,
   Author="Sukumar, N. and Moran, B. and Belytschko, T.",
   Title="The natural element method",
   Journal="International Journal for Numerical Methods in Engineering",
   Volume=43,
   Pages="839-887",
   Year=1998}

@Article{Tabbara1998,
   Author="Tabbara, M.R. and Stone, C.M.",
   Title="A computational method for quasi-static fracture",
   Journal="Computational Mechanics",
   Volume=22,
   Pages="203-210",
   Year=1998}
